<record><leader>00000cas a22000007a 4500</leader><controlfield tag="001">19770207</controlfield><controlfield tag="008">890526d19131918coudn ne      0    0eng d</controlfield><controlfield tag="009">9774</controlfield><datafield ind1=" " ind2=" " tag="010"><subfield code="a">sn 89052167 </subfield></datafield><datafield ind1=" " ind2=" " tag="040"><subfield code="a">CNQ</subfield><subfield code="b">eng</subfield><subfield code="c">CNQ</subfield><subfield code="d">DLC</subfield><subfield code="d">CNQ</subfield><subfield code="d">CRL</subfield></datafield><datafield ind1=" " ind2=" " tag="042"><subfield code="a">msc</subfield></datafield><datafield ind1="0" ind2="4" tag="245"><subfield code="a">The Cripple Creek times &amp; the Victor daily record.</subfield></datafield><datafield ind1="0" ind2="0" tag="246"><subfield code="a">Cripple Creek times</subfield></datafield><datafield ind1=" " ind2=" " tag="260"><subfield code="a">Cripple Creek, Colo. :</subfield><subfield code="b">The Cripple Creek Times Co.,</subfield></datafield><datafield ind1=" " ind2=" " tag="300"><subfield code="a">v.</subfield></datafield><datafield ind1=" " ind2=" " tag="310"><subfield code="a">Daily (except Mon.)</subfield></datafield><datafield ind1="0" ind2=" " tag="362"><subfield code="a">22nd year (Apr. 1, 1913)-    ; v. 22, no. 44 (Apr. 16, 1913)-v. 27, no. 183 (July 27, 1918).</subfield></datafield><datafield ind1=" " ind2=" " tag="500"><subfield code="a">Published as: Cripple Creek times, Sept. 29, 1914-Jan. 3, 1915.</subfield></datafield><datafield ind1=" " ind2=" " tag="530"><subfield code="a">Available on microfilm from the Colorado Historical Society.</subfield></datafield><datafield ind1=" " ind2=" " tag="752"><subfield code="a">United States</subfield><subfield code="b">Colorado</subfield><subfield code="c">Teller</subfield><subfield code="d">Cripple Creek.</subfield></datafield><datafield ind1="0" ind2="4" tag="780"><subfield code="t">Cripple Creek times</subfield><subfield code="w">(DLC)sn 86081911</subfield><subfield code="w">(OCoLC)14472487</subfield></datafield><datafield ind1="0" ind2="4" tag="780"><subfield code="t">Victor daily record</subfield></datafield><datafield ind1="0" ind2="0" tag="785"><subfield code="t">Times-record (Cripple Creek, Colo.)</subfield><subfield code="w">(DLC)sn 86063398</subfield></datafield></record>